@article{ref:f1-wind-tunnel,
  author  = {Misaki Nakagawa and Yasutake Haramoto and Toshiki Minakata},
  title   = {On Unique Wind-tunnel Technologies in F1: Technologies for high accuracy and efficiency},
  journal = {可視化情報},
  volume  = {32},
  number  = {124},
  year    = {2012}
}

@misc{ref:f1-sporting-regulations,
  author       = {FIA},
  howpublished = {\url{https://www.fia.com/regulation/category/110}},
  title        = {2024 FORMULA ONE SPORTING REGULATIONS},
  year         = {2023},
  pages        = {91-97},
  note         = {(Accessed on 01/13/2024)}
}

@article{ref:lbm,
  author = {Moritz Lehmann},
  title  = {High Performance Free Surface LBM on GPU},
  year   = {2019}
}

@article{ref:kruger2017lattice,
  author  = {Timm Kruger and others},
  title   = {The Lattice Boltzmann Method},
  journal = {Springer International Publishing},
  year    = {2017},
  volume  = {10},
  pages   = {978--3}
}

@book{ref:chapman1990mathematical,
  author    = {Sydney Chapman and Thomas George Cowling and David Burnett},
  title     = {The Mathematical Theory of Non-uniform Gases: An Account of the Kinetic Theory of Viscosity, Thermal Conduction and Diffusion in Gases},
  publisher = {Cambridge University Press},
  year      = {1990}
}



% TODO: temporary
@article{ref:mnih2013playing,
  title   = {Playing atari with deep reinforcement learning},
  author  = {Mnih, Volodymyr and Kavukcuoglu, Koray and Silver, David and Graves, Alex and Antonoglou, Ioannis and Wierstra, Daan and Riedmiller, Martin},
  journal = {arXiv preprint arXiv:1312.5602},
  year    = {2013}
}

@inproceedings{ref:yao2017integrated,
  title        = {An integrated IMU and UWB sensor based indoor positioning system},
  author       = {Yao, Leehter and Wu, Yeong-Wei Andy and Yao, Lei and Liao, Zhe Zheng},
  booktitle    = {2017 International Conference on Indoor Positioning and Indoor Navigation (IPIN)},
  pages        = {1--8},
  year         = {2017},
  organization = {IEEE}
}

@article{ref:ugarte1992curling,
  title     = {Curling and closure of graphitic networks under electron-beam irradiation},
  author    = {Ugarte, Daniel},
  journal   = {Nature},
  volume    = {359},
  number    = {6397},
  pages     = {707--709},
  year      = {1992},
  publisher = {Nature Publishing Group UK London}
}

@article{ref:nomura2022uwb,
  title   = {{UWB の測定距離と直接波の減衰度を利用したデバイスフリー複数人屋内測位}},
  author  = {野村篤史 and 須ヶ﨑聖人 and 坪内孝太 and 西尾信彦 and 下坂正倫 and others},
  journal = {研究報告ユビキタスコンピューティングシステム (UBI)},
  volume  = {2022},
  number  = {1},
  pages   = {1--8},
  year    = {2022}
}

@misc{ref:青空文庫Aozo22:online,
  author       = {},
  title        = {{青空文庫　Aozora Bunko}},
  howpublished = {\url{https://www.aozora.gr.jp/}},
  month        = {},
  year         = {},
  note         = {(Accessed on 02/06/2023)}
}